<record xmlns="http://www.loc.gov/MARC21/slim" xmlns:xsi="http://www.w3.org/2001/XMLSchema-instance" xsi:schemaLocation="http://www.loc.gov/MARC21/slim http://www.loc.gov/standards/marcxml/schema/MARC21slim.xsd"><leader>01894nam a2200385   4500</leader><controlfield tag="001">001470030</controlfield><controlfield tag="003">NNU</controlfield><controlfield tag="006">m        d        </controlfield><controlfield tag="007">cr cn |||m|||a</controlfield><controlfield tag="008">150116s1966    ir c    o     000 0 ara d</controlfield><datafield ind1=" " ind2=" " tag="040"><subfield code="a">NNU</subfield><subfield code="b">eng</subfield><subfield code="c">NNU</subfield></datafield><datafield ind1=" " ind2=" " tag="066"><subfield code="c">(3</subfield></datafield><datafield ind1=" " ind2=" " tag="090"><subfield code="a">B753.T87</subfield><subfield code="b">S42 1966</subfield></datafield><datafield ind1="1" ind2=" " tag="100"><subfield code="6">880-01</subfield><subfield code="a">&#7788;&#363;s&#299;, Na&#7779;&#299;r al-D&#299;n Mu&#7717;ammad ibn Mu&#7717;ammad,</subfield><subfield code="d">1201-1274</subfield></datafield><datafield ind1="1" ind2="0" tag="245"><subfield code="6">880-02</subfield><subfield code="a">Shar&#7717; mas&#700;alat al-&#699;ilm</subfield><subfield code="h">[electronic resource] /</subfield><subfield code="c">ta&#700;l&#299;f Na&#7779;&#299;r al-D&#299;n Mu&#7717;ammad al-&#7788;&#363;s&#299; ; &#7717;aqqaqahu wa-qaddama lahu &#699;Abd All&#257;h N&#363;r&#257;n&#299;.</subfield></datafield><datafield ind1=" " ind2=" " tag="260"><subfield code="6">880-03</subfield><subfield code="a">Mashhad :</subfield><subfield code="b">Ma&#7789;ba&#699;at J&#257;mi&#699;at Mashhad,</subfield><subfield code="c">1385 [1966]</subfield></datafield><datafield ind1=" " ind2=" " tag="300"><subfield code="a">online resource (48 p.) :</subfield><subfield code="b">port.</subfield></datafield><datafield ind1="1" ind2=" " tag="490"><subfield code="6">880-04</subfield><subfield code="a">Mu&#7779;annaf&#257;t ;</subfield><subfield code="v">1</subfield></datafield><datafield ind1=" " ind2=" " tag="500"><subfield code="a">Part of the Arabic Collections Online (ACO) project, contributed by New York Univeristy Libraries.</subfield></datafield><datafield ind1=" " ind2=" " tag="533"><subfield code="a">Electronic reproduction.</subfield><subfield code="b">New York, N.Y. :</subfield><subfield code="c">New York University,</subfield><subfield code="d">2015.</subfield><subfield code="5">NNU</subfield></datafield><datafield ind1=" " ind2="0" tag="650"><subfield code="a">Knowledge, Theory of.</subfield></datafield><datafield ind1="1" ind2=" " tag="700"><subfield code="6">880-05</subfield><subfield code="a">N&#363;r&#257;n&#299;, &#699;Abd All&#257;h</subfield></datafield><datafield ind1="2" ind2=" " tag="710"><subfield code="a">New York University.</subfield><subfield code="b">Libraries.</subfield></datafield><datafield ind1="0" ind2=" " tag="730"><subfield code="a">Arabic Collections Online.</subfield></datafield><datafield ind1="0" ind2="8" tag="776"><subfield code="i">Print version:</subfield><subfield code="a">&#7788;&#363;s&#299;, Na&#7779;&#299;r al-D&#299;n Mu&#7717;ammad ibn Mu&#7717;ammad, 1201-1274 880-01</subfield><subfield code="t">Shar&#7717; mas&#700;alat al-&#699;ilm</subfield><subfield code="w">(NNU)001470030</subfield></datafield><datafield ind1="4" ind2="0" tag="856"><subfield code="u">http://hdl.handle.net/2333.1/0zpc88fp</subfield></datafield><datafield ind1="1" ind2=" " tag="880"><subfield code="6">100-01/</subfield><subfield code="a">&#1591;&#1608;&#1587;&#1610;&#1548; &#1606;&#1589;&#1610;&#1585; &#1575;&#1604;&#1583;&#1610;&#1606; &#1605;&#1581;&#1605;&#1583; &#1576;&#1606; &#1605;&#1581;&#1605;&#1583;.</subfield></datafield><datafield ind1="1" ind2="0" tag="880"><subfield code="6">245-02/</subfield><subfield code="a">&#1588;&#1585;&#1581; &#1605;&#1587;&#1574;&#1604;&#1577; &#1575;&#1604;&#1593;&#1604;&#1605; /</subfield><subfield code="c">&#1578;&#1571;&#1604;&#1610;&#1601; &#1606;&#1589;&#1610;&#1585; &#1575;&#1604;&#1583;&#1610;&#1606; &#1605;&#1581;&#1605;&#1583; &#1575;&#1604;&#1591;&#1608;&#1587;&#1610; &#1563; &#1581;&#1602;&#1602;&#1607; &#1608;&#1602;&#1583;&#1605; &#1604;&#1607; &#1593;&#1576;&#1583; &#1575;&#1604;&#1604;&#1607; &#1606;&#1608;&#1585;&#1575;&#1606;&#1610;.</subfield></datafield><datafield ind1=" " ind2=" " tag="880"><subfield code="6">260-03/</subfield><subfield code="a">&#1605;&#1588;&#1607;&#1583; :</subfield><subfield code="b">&#1605;&#1591;&#1576;&#1593;&#1577; &#1580;&#1575;&#1605;&#1593;&#1577; &#1605;&#1588;&#1607;&#1583;&#1548;</subfield><subfield code="c">&#1633;&#1635;&#1640;&#1637;.</subfield></datafield><datafield ind1="1" ind2=" " tag="880"><subfield code="6">490-04/</subfield><subfield code="a">&#1605;&#1589;&#1606;&#1601;&#1575;&#1578; &#1563;</subfield><subfield code="v">&#1633;</subfield></datafield><datafield ind1="1" ind2=" " tag="880"><subfield code="6">700-05/</subfield><subfield code="a">&#1606;&#1608;&#1585;&#1575;&#1606;&#1610;&#1548; &#1593;&#1576;&#1583; &#1575;&#1604;&#1604;&#1607;.</subfield></datafield><datafield ind1=" " ind2="0" tag="830"><subfield code="6">880-06</subfield><subfield code="a">Mu&#7779;annaf&#257;t ;</subfield><subfield code="v">1.</subfield></datafield><datafield ind1=" " ind2="0" tag="880"><subfield code="6">830-06/</subfield><subfield code="a">&#1605;&#1589;&#1606;&#1601;&#1575;&#1578; &#1563;</subfield><subfield code="v">&#1633;</subfield></datafield><datafield ind1=" " ind2=" " tag="959"><subfield code="a">NNU</subfield><subfield code="b">WEB</subfield><subfield code="c">GENI</subfield><subfield code="t">0</subfield><subfield code="m">Electronic access</subfield><subfield code="s">01</subfield></datafield><datafield ind1=" " ind2=" " tag="999"><subfield code="i">NNU_001470030</subfield><subfield code="o" /></datafield></record>